@INBOOK{NURBOOK:1,
AUTHOR="William H. Press",
TITLE="Numerical Recipes The Art of Scientific Computing",
PUBLISHER="Cambridge University Press",
YEAR="2007",
PAGES="347"
}
